<?xml version="1.0" encoding="UTF-8"?><collection xmlns="http://www.loc.gov/MARC21/slim"><record><leader>00392nam--2200121-i-4500</leader><controlfield tag="001">000042473</controlfield><controlfield tag="002">20161230</controlfield><controlfield tag="005">20161230201043</controlfield><controlfield tag="008">060222s1000------------r-----000-0-eng-d</controlfield><datafield ind1=" " ind2=" " tag="245"><subfield code="a">Spheroidal wave functions. including tables of separation consstants and coefficients</subfield></datafield><datafield ind1=" " ind2=" " tag="260"><subfield code="a">New York, J.Wiley, 1956. Xiv + 613 P</subfield></datafield><datafield ind1=" " ind2=" " tag="700"><subfield code="a">Stratton,J.Morse, P.J.Chu, J.Little And F.Corbato</subfield></datafield><datafield ind1=" " ind2=" " tag="852"><subfield code="a">12031</subfield></datafield></record></collection>